@ARTICLE{Lin-Kun_1995,
  author={Lin-Kun Wu and Nieh, W.K.},
  journal={IEEE Transactions on Microwave Theory and Techniques}, 
  title={FDTD analysis of the radiometric temperature measurement of a bilayered biological tissue using a body-contacting waveguide probe}, 
  year={1995},
  volume={43},
  number={7},
  pages={1576-1583},
  doi={10.1109/22.392917}}
  
@ARTICLE{Dester_2012,  
	author={Dester, Gary D. and Rothwell, Edward J. and Havrilla, Michael J.},  journal={IEEE Transactions on Instrumentation and Measurement},   title={Two-Iris Method for the Electromagnetic Characterization of Conductor-Backed Absorbing Materials Using an Open-Ended Waveguide Probe},   year={2012},  volume={61},  number={4},  pages={1037-1044},  doi={10.1109/TIM.2011.2174111}}
@article{Smulders_2012,
  doi = {10.1111/j.1600-0846.2012.00629.x},
  url = {https://doi.org/10.1111/j.1600-0846.2012.00629.x},
  year = {2012},
  month = jun,
  publisher = {Wiley},
  volume = {19},
  number = {1},
  pages = {e209--e216},
  author = {P.F.M. Smulders},
  title = {Analysis of human skin tissue by millimeter-wave reflectometry}
}
@article{Ugur_2009,
  doi = {10.2528/pier09071409},
  url = {https://doi.org/10.2528/pier09071409},
  year = {2009},
  publisher = {The Electromagnetics Academy},
  volume = {97},
  pages = {27--43},
  author = {Ugur Cem Hasar},
  title = {{Permittivity} DETERMINATION OF FRESH CEMENT-BASED MATERIALS BY AN OPEN-ENDED} WAVEGUIDE PROBE USING AMPLITUDE-ONLY MEASUREMENTS}
}

@article{Aidin_2013,
  doi = {10.1049/iet-map.2013.0189},
  url = {https://doi.org/10.1049/iet-map.2013.0189},
  year = {2013},
  month = nov,
  publisher = {Institution of Engineering and Technology ({IET})},
  volume = {7},
  number = {14},
  pages = {1182--1186},
  author = {Aidin Taeb and Suren Gigoyan and Safieddin Safavi-Naeini},
  title = {Millimetre-wave waveguide reflectometers for early detection of skin cancer}
}
@INPROCEEDINGS{Xiangying_659301,  
	author={Xiangying Wu and Shoujun Wang and Fei Ji and Shengli Lai},  booktitle={Proceedings of 1997 Asia-Pacific Microwave Conference},   title={Early detection of subcutaneous tumor through microwave reflection measurement},   year={1997},  volume={1},  number={},  pages={45-48 vol.1},  doi={10.1109/APMC.1997.659301}}